<record><leader>00000cas a22000007a 4500</leader><controlfield tag="001">13944286</controlfield><controlfield tag="008">860725d188519uutxuwr ne      0    0eng d</controlfield><datafield ind1=" " ind2=" " tag="010"><subfield code="a">sn 86088106 </subfield></datafield><datafield ind1=" " ind2=" " tag="040"><subfield code="a">PPM</subfield><subfield code="b">eng</subfield><subfield code="c">PPM</subfield><subfield code="d">OCLCQ</subfield></datafield><datafield ind1=" " ind2=" " tag="042"><subfield code="a">msc</subfield></datafield><datafield ind1="0" ind2=" " tag="130"><subfield code="a">Athens review (Athens, Tex.)</subfield></datafield><datafield ind1="1" ind2="0" tag="245"><subfield code="a">Athens review.</subfield></datafield><datafield ind1="3" ind2="0" tag="246"><subfield code="a">Athens review and banner</subfield></datafield><datafield ind1=" " ind2=" " tag="260"><subfield code="a">Athens, Tex. :</subfield><subfield code="b">R.E. Yantis &amp; R.A. Yantis</subfield></datafield><datafield ind1=" " ind2=" " tag="300"><subfield code="a">v. :</subfield><subfield code="b">ill. (chiefly advertisements) ;</subfield><subfield code="c">61 cm.</subfield></datafield><datafield ind1=" " ind2=" " tag="310"><subfield code="a">Weekly</subfield></datafield><datafield ind1="1" ind2=" " tag="362"><subfield code="a">Began in 1885?</subfield></datafield><datafield ind1=" " ind2=" " tag="588"><subfield code="a">Description based on: Vol. 16, no. 31 (Aug. 2, 1901).</subfield></datafield><datafield ind1=" " ind2=" " tag="752"><subfield code="a">United States</subfield><subfield code="b">Texas</subfield><subfield code="c">Henderson</subfield><subfield code="d">Athens.</subfield></datafield><datafield ind1="0" ind2=" " tag="775"><subfield code="t">Athens daily review</subfield><subfield code="w">(DLC)sn 86063739</subfield></datafield><datafield ind1="0" ind2="0" tag="785"><subfield code="t">Athens weekly review</subfield></datafield></record>